@comment{{This file has been generated by bib2bib 1.92}}

@comment{{Command line: /vol/is/bin/bib2bib -ob tmp2//plinge.bib.tmp -s year -r -s sortkey -s $key --expand -c 'author : "plinge"' tmp2//tmp.bib}}

@article{Bauer2012,
  author = {Bauer, Dieter and Plinge, Axel and Ehrenstein, Walter H and Rinkenauer, Gerhard and Grosjean, Marc},
  title = {{Spatial orienting of attention in stereo depth.}},
  journal = {Psychological research},
  year = {2012},
  volume = {76},
  number = {6},
  doi = {10.1007/s00426-011-0396-6},
  issn = {1430-2772},
  keywords = {Behavioral Science},
  pmid = {22120163},
  publisher = {Springer Berlin / Heidelberg}
}

@inproceedings{Plinge2012-ROM,
  author = {Plinge, A. and Hennecke, M. H. and Fink, G. A.},
  title = {Reverberation-Robust Online Multi-Speaker Tracking by using a Microphone Array and CASA Processing},
  booktitle = {Proc. 13th International Workshop on Acoustic Signal Enhancement},
  year = {2012},
  address = {Aachen, Germany}
}

@inproceedings{Plinge2011-MST,
  author = {Plinge, A. and Hauschildt, D. and Hennecke, M. H. and Fink, G. A.},
  title = {Multiple Speaker Tracking using a Microphone Array by Combining Auditory Processing and a Gaussian Mixture Cardinalized Probability Hypothesis Density Filter},
  booktitle = {Proc. Int. Conf. on Acoustics, Speech and Signal Processing},
  year = {2011},
  address = {Prague, Czech Republic}
}

@inproceedings{Plinge2010-RNF,
  author = {Plinge, A. and Hennecke, M. H. and Fink, G. A.},
  title = {Robust Neuro-Fuzzy Speaker Localization Using a Circular Microphone Array},
  booktitle = {Proc. 12th International Workshop on Acoustic Echo and Noise Control},
  year = {2010},
  address = {Tel Aviv, Israel}
}

@inproceedings{Plinge2007-ASF,
  author = {Plinge, Axel and Bauer, Dieter},
  title = {{A System for Control of Hearing Instrument Selection and Adjustment based on Evaluation of Correct Transmision of Speech Elements and
Features}}, 
  booktitle = {Conference on Assistive Technology for Vision and Hearing Impaired
(CVHI2007)},
  year = {2007},
  address = {Granada, Spain}
}

@inproceedings{Bauer2005-TSF,
  author = {Bauer, Dieter and Plinge, Axel},
  title = {{Tools and Strategies for Fitting a Wearable Frication Transposer to the Needs of Severely Hearing Impaired People}},
  booktitle = {Assistive Technology - From Virtuality to Reality (AAATE2005)},
  year = {2005},
  editor = {{A. Pruski}, H Knops},
  publisher = {IOS Press, Amsterdam}
}

@inproceedings{Plinge2005-GOW,
  author = {Plinge, Axel and Bauer, Dieter},
  title = {{Genesis of wearable DSP structures for selective speech enhancement
and replacement to compensate severe hearing deficits}},
  booktitle = {Assistive Technology - From Virtuality to Reality (AAATE2005)},
  year = {2005},
  editor = {A. Pruski, H Knops},
  publisher = {IOS Press, Amsterdam}
}

@inproceedings{Plinge2004-PSE,
  author = {Plinge, Axel and Bauer, Dieter},
  title = {{Providing Speech Enhancement and Replacement for Persons with Severely
Impaired Hearing}},
  booktitle = {Conference and Workshop on Assistive Technologies for People with
Vision and Hearing Impairments (CVHI2004)},
  year = {2004},
  address = {Granada, Spain}
}

 
 
